date,description,withdrawals,deposit,balance
2023-04-01,Gym Membership,45.0,,4955.0
2023-04-01,Amazon Prime,14.99,,4940.01
2023-04-01,Paycheck,,2247.05,7187.06
2023-04-01,Walmart,72.9,,7114.16
2023-04-02,Uber Eats Plus,9.99,,7104.17
2023-04-02,Notion Premium,5.0,,7099.17
2023-04-02,No Frills,91.03,,7008.14
2023-04-02,Ultramar,44.66,,6963.48
2023-04-03,Spotify,9.99,,6953.49
2023-04-04,Disney+ Hotstar,12.99,,6940.5
2023-04-04,Shoppers Drug Mart,126.44,,6814.06
2023-04-04,Shell,110.86,,6703.2
2023-04-04,Shell,19.49,,6683.71
2023-04-04,Real Canadian Superstore,18.21,,6665.5
2023-04-04,Transfer,,24.15,6689.65
2023-04-04,Cineplex,108.79,,6580.86
2023-04-04,Bell,116.65,,6464.21
2023-04-05,Netflix,15.99,,6448.22
2023-04-05,Skip Subscription,9.99,,6438.23
2023-04-05,Bell,118.72,,6319.51
2023-04-05,Dollarama,68.86,,6250.65
2023-04-05,FreshCo,47.57,,6203.08
2023-04-05,McDonald's,8.3,,6194.78
2023-04-07,Aéropostale,63.05,,6131.73
2023-04-08,Bombay Spices,84.51,,6047.22
2023-04-08,McDonald's,144.23,,5902.99
2023-04-08,FreshCo,137.12,,5765.87
2023-04-08,Transfer,,133.89,5899.76
2023-04-09,Bell,32.87,,5866.89
2023-04-09,Cleo,36.24,,5830.65
2023-04-09,Virgin Plus,43.58,,5787.07
2023-04-10,Dollarama,105.86,,5681.21
2023-04-10,Dollarama,104.22,,5576.99
2023-04-10,Shell,141.6,,5435.39
2023-04-10,Cleo,15.86,,5419.53
2023-04-11,Real Canadian Superstore,64.7,,5354.83
2023-04-11,American Eagle,47.24,,5307.59
2023-04-12,Walmart,16.12,,5291.47
2023-04-12,Shell,67.15,,5224.32
2023-04-14,No Frills,38.44,,5185.88
2023-04-15,Paycheck,,2210.9,7396.78
2023-04-15,Tim Hortons,134.4,,7262.38
2023-04-16,Transfer,,37.39,7299.77
2023-04-16,Virgin Plus,124.62,,7175.15
2023-04-16,FreshCo,64.73,,7110.42
2023-04-16,Virgin Plus,97.23,,7013.19
2023-04-17,FreshCo,32.55,,6980.64
2023-04-17,Shoppers Drug Mart,88.62,,6892.02
2023-04-17,Real Canadian Superstore,79.52,,6812.5
2023-04-17,Cleo,102.79,,6709.71
2023-04-18,Ultramar,25.03,,6684.68
2023-04-18,Real Canadian Superstore,89.27,,6595.41
2023-04-18,Tim Hortons,104.19,,6491.22
2023-04-18,Cleo,79.99,,6411.23
2023-04-18,Ultramar,122.8,,6288.43
2023-04-18,Starbucks,52.83,,6235.6
2023-04-19,Virgin Plus,88.49,,6147.11
2023-04-19,Dollarama,39.77,,6107.34
2023-04-20,Walmart,98.02,,6009.32
2023-04-21,Dollarama,25.37,,5983.95
2023-04-21,FreshCo,118.26,,5865.69
2023-04-21,Transfer,,23.39,5889.08
2023-04-21,Aéropostale,149.67,,5739.41
2023-04-22,Bell,39.04,,5700.37
2023-04-22,FreshCo,134.8,,5565.57
2023-04-22,Shoppers Drug Mart,89.27,,5476.3
2023-04-22,American Eagle,7.15,,5469.15
2023-04-23,FreshCo,71.88,,5397.27
2023-04-23,Shell,138.01,,5259.26
2023-04-25,Cleo,144.25,,5115.01
2023-04-25,Walmart,57.82,,5057.19
2023-04-27,Starbucks,49.72,,5007.47
2023-04-27,Tim Hortons,135.45,,4872.02
2023-04-27,McDonald's,89.65,,4782.37
2023-04-27,Transfer,,124.0,4906.37
2023-04-27,Shell,39.65,,4866.72
2023-04-28,Cineplex,147.01,,4719.71
2023-04-29,Paycheck,,2248.38,6968.09
2023-04-29,Transfer,,100.49,7068.58
2023-04-30,Amazon.ca,67.48,,7001.1
2023-05-01,Netflix,15.99,,6985.11
2023-05-01,Notion Premium,5.0,,6980.11
2023-05-02,Spotify,9.99,,6970.12
2023-05-02,Disney+ Hotstar,12.99,,6957.13
2023-05-02,Cineplex,133.08,,6824.05
2023-05-02,Aéropostale,24.64,,6799.41
2023-05-03,American Eagle,144.03,,6655.38
2023-05-03,Amazon.ca,63.86,,6591.52
2023-05-03,Tim Hortons,69.8,,6521.72
2023-05-03,FreshCo,73.86,,6447.86
2023-05-03,Walmart,45.13,,6402.73
2023-05-04,Gym Membership,45.0,,6357.73
2023-05-04,Amazon Prime,14.99,,6342.74
2023-05-04,Uber Eats Plus,9.99,,6332.75
2023-05-04,Shoppers Drug Mart,74.71,,6258.04
2023-05-05,Skip Subscription,9.99,,6248.05
2023-05-05,Cineplex,133.53,,6114.52
2023-05-05,Cineplex,81.95,,6032.57
2023-05-06,Urban Planet,108.29,,5924.28
2023-05-06,Amazon.ca,113.48,,5810.8
2023-05-07,Shell,80.12,,5730.68
2023-05-07,Bombay Spices,16.36,,5714.32
2023-05-07,Cleo,25.58,,5688.74
2023-05-07,McDonald's,46.4,,5642.34
2023-05-09,Transfer,,101.44,5743.78
2023-05-09,No Frills,29.84,,5713.94
2023-05-09,Bombay Spices,53.32,,5660.62
2023-05-09,Transfer,,63.92,5724.54
2023-05-09,Amazon.ca,42.31,,5682.23
2023-05-10,Bell,148.41,,5533.82
2023-05-10,No Frills,38.28,,5495.54
2023-05-11,Cineplex,141.06,,5354.48
2023-05-11,Cineplex,24.02,,5330.46
2023-05-12,American Eagle,118.43,,5212.03
2023-05-12,Ultramar,80.99,,5131.04
2023-05-13,Paycheck,,2022.19,7153.23
2023-05-13,Starbucks,141.23,,7012.0
2023-05-13,No Frills,72.65,,6939.35
2023-05-13,Shell,119.77,,6819.58
2023-05-14,Tim Hortons,66.69,,6752.89
2023-05-14,Cleo,53.32,,6699.57
2023-05-15,Cineplex,98.75,,6600.82
2023-05-15,Amazon.ca,94.08,,6506.74
2023-05-15,FreshCo,44.58,,6462.16
2023-05-15,No Frills,67.16,,6395.0
2023-05-16,No Frills,135.28,,6259.72
2023-05-16,Transfer,,139.15,6398.87
2023-05-17,McDonald's,47.74,,6351.13
2023-05-17,Dollarama,22.77,,6328.36
2023-05-17,Starbucks,140.01,,6188.35
2023-05-17,FreshCo,149.66,,6038.69
2023-05-18,Bell,86.04,,5952.65
2023-05-18,Cineplex,17.21,,5935.44
2023-05-18,Transfer,,133.17,6068.61
2023-05-18,No Frills,100.03,,5968.58
2023-05-18,Bell,37.2,,5931.38
2023-05-18,Transfer,,145.12,6076.5
2023-05-18,Transfer,,79.84,6156.34
2023-05-19,Shell,105.07,,6051.27
2023-05-19,FreshCo,21.6,,6029.67
2023-05-19,Bell,138.8,,5890.87
2023-05-19,Ultramar,84.02,,5806.85
2023-05-20,Transfer,,35.7,5842.55
2023-05-20,Real Canadian Superstore,131.62,,5710.93
2023-05-21,Walmart,5.64,,5705.29
2023-05-21,Bombay Spices,60.62,,5644.67
2023-05-21,Walmart,70.39,,5574.28
2023-05-21,Shoppers Drug Mart,36.93,,5537.35
2023-05-22,Transfer,,140.33,5677.68
2023-05-22,Tim Hortons,145.49,,5532.19
2023-05-22,Real Canadian Superstore,67.73,,5464.46
2023-05-22,Virgin Plus,33.89,,5430.57
2023-05-23,Starbucks,51.76,,5378.81
2023-05-23,American Eagle,14.15,,5364.66
2023-05-23,Ultramar,104.35,,5260.31
2023-05-24,Bell,89.5,,5170.81
2023-05-24,Starbucks,68.34,,5102.47
2023-05-24,Starbucks,90.11,,5012.36
2023-05-24,Bombay Spices,89.27,,4923.09
2023-05-26,FreshCo,115.93,,4807.16
2023-05-26,Amazon.ca,83.02,,4724.14
2023-05-26,Walmart,130.76,,4593.38
2023-05-27,Paycheck,,1913.87,6507.25
2023-05-27,Amazon.ca,67.95,,6439.3
2023-05-28,Tim Hortons,26.29,,6413.01
2023-05-28,Shoppers Drug Mart,133.71,,6279.3
2023-05-29,Transfer,,29.83,6309.13
2023-05-30,Transfer,,112.71,6421.84
2023-05-31,Amazon.ca,126.44,,6295.4
2023-05-31,American Eagle,31.05,,6264.35
2023-05-31,Dollarama,40.83,,6223.52
2023-06-01,Notion Premium,5.0,,6218.52
2023-06-01,No Frills,56.74,,6161.78
2023-06-01,Cineplex,135.63,,6026.15
2023-06-02,Disney+ Hotstar,12.99,,6013.16
2023-06-02,Transfer,,85.19,6098.35
2023-06-04,Netflix,15.99,,6082.36
2023-06-04,Spotify,9.99,,6072.37
2023-06-04,Amazon Prime,14.99,,6057.38
2023-06-04,Skip Subscription,9.99,,6047.39
2023-06-05,Gym Membership,45.0,,6002.39
2023-06-05,Uber Eats Plus,9.99,,5992.4
2023-06-05,American Eagle,142.08,,5850.32
2023-06-05,Virgin Plus,20.15,,5830.17
2023-06-06,McDonald's,23.24,,5806.93
2023-06-06,No Frills,149.32,,5657.61
2023-06-06,Starbucks,135.88,,5521.73
2023-06-08,Virgin Plus,136.69,,5385.04
2023-06-08,FreshCo,28.75,,5356.29
2023-06-08,Walmart,40.1,,5316.19
2023-06-09,Virgin Plus,39.22,,5276.97
2023-06-09,Bell,134.09,,5142.88
2023-06-09,Aéropostale,146.6,,4996.28
2023-06-10,Paycheck,,2421.81,7418.09
2023-06-10,Ultramar,12.33,,7405.76
2023-06-10,Walmart,56.52,,7349.24
2023-06-11,Urban Planet,56.05,,7293.19
2023-06-11,Aéropostale,117.83,,7175.36
2023-06-11,Ultramar,108.2,,7067.16
2023-06-11,Real Canadian Superstore,80.35,,6986.81
2023-06-11,Bell,100.36,,6886.45
2023-06-11,Virgin Plus,68.24,,6818.21
2023-06-12,Walmart,9.49,,6808.72
2023-06-14,Dollarama,92.73,,6715.99
2023-06-14,American Eagle,128.48,,6587.51
2023-06-14,Ultramar,143.7,,6443.81
2023-06-15,Cleo,118.35,,6325.46
2023-06-15,Transfer,,36.77,6362.23
2023-06-16,McDonald's,101.38,,6260.85
2023-06-16,Urban Planet,92.78,,6168.07
2023-06-17,Bombay Spices,46.03,,6122.04
2023-06-17,Transfer,,13.03,6135.07
2023-06-17,Shell,126.12,,6008.95
2023-06-18,Real Canadian Superstore,101.37,,5907.58
2023-06-18,Walmart,33.13,,5874.45
2023-06-19,Transfer,,48.99,5923.44
2023-06-19,Real Canadian Superstore,130.67,,5792.77
2023-06-19,American Eagle,97.64,,5695.13
2023-06-20,Bombay Spices,39.53,,5655.6
2023-06-20,Transfer,,19.01,5674.61
2023-06-20,Ultramar,139.91,,5534.7
2023-06-21,Shell,67.62,,5467.08
2023-06-23,Cineplex,91.66,,5375.42
2023-06-23,Cineplex,59.24,,5316.18
2023-06-23,American Eagle,104.01,,5212.17
2023-06-24,Paycheck,,2138.94,7351.11
2023-06-24,Transfer,,123.74,7474.85
2023-06-24,Starbucks,18.53,,7456.32
2023-06-25,Starbucks,86.55,,7369.77
2023-06-25,Dollarama,69.27,,7300.5
2023-06-25,Cineplex,13.38,,7287.12
2023-06-26,Urban Planet,96.35,,7190.77
2023-06-26,Virgin Plus,8.79,,7181.98
2023-06-26,Starbucks,115.24,,7066.74
2023-06-26,No Frills,6.75,,7059.99
2023-06-27,McDonald's,39.19,,7020.8
2023-06-27,McDonald's,30.79,,6990.01
2023-06-27,Walmart,69.11,,6920.9
2023-06-27,Ultramar,108.57,,6812.33
2023-06-28,Shoppers Drug Mart,98.18,,6714.15
2023-06-28,Cineplex,61.89,,6652.26
2023-06-29,Virgin Plus,25.49,,6626.77
2023-06-30,Amazon.ca,62.75,,6564.02
2023-07-01,Notion Premium,5.0,,6559.02
2023-07-01,Cleo,42.98,,6516.04
2023-07-01,Urban Planet,46.87,,6469.17
2023-07-01,Dollarama,104.54,,6364.63
2023-07-01,Real Canadian Superstore,142.59,,6222.04
2023-07-01,Dollarama,143.96,,6078.08
2023-07-02,Gym Membership,45.0,,6033.08
2023-07-02,Amazon Prime,14.99,,6018.09
2023-07-02,Skip Subscription,9.99,,6008.1
2023-07-02,Bell,33.05,,5975.05
2023-07-03,Netflix,15.99,,5959.06
2023-07-03,Shell,121.92,,5837.14
2023-07-03,Real Canadian Superstore,15.57,,5821.57
2023-07-03,No Frills,120.36,,5701.21
2023-07-04,Uber Eats Plus,9.99,,5691.22
2023-07-04,Amazon.ca,71.93,,5619.29
2023-07-04,Amazon.ca,47.6,,5571.69
2023-07-04,No Frills,142.62,,5429.07
2023-07-04,Shell,89.67,,5339.4
2023-07-04,Transfer,,63.25,5402.65
2023-07-05,Spotify,9.99,,5392.66
2023-07-05,Disney+ Hotstar,12.99,,5379.67
2023-07-05,Bombay Spices,28.92,,5350.75
2023-07-07,Transfer,,31.87,5382.62
2023-07-07,Ultramar,60.34,,5322.28
2023-07-07,Transfer,,55.33,5377.61
2023-07-07,Dollarama,136.73,,5240.88
2023-07-08,Paycheck,,1527.63,6768.51
2023-07-08,Cleo,93.77,,6674.74
2023-07-08,Starbucks,12.52,,6662.22
2023-07-08,Bell,73.18,,6589.04
2023-07-09,Ultramar,20.26,,6568.78
2023-07-09,Shoppers Drug Mart,127.87,,6440.91
2023-07-10,Transfer,,119.81,6560.72
2023-07-11,Cleo,137.97,,6422.75
2023-07-11,American Eagle,80.53,,6342.22
2023-07-12,Transfer,,61.93,6404.15
2023-07-12,No Frills,133.22,,6270.93
2023-07-13,American Eagle,142.11,,6128.82
2023-07-13,Amazon.ca,51.09,,6077.73
2023-07-13,No Frills,39.71,,6038.02
2023-07-13,Ultramar,148.87,,5889.15
2023-07-14,Urban Planet,72.24,,5816.91
2023-07-14,Cineplex,47.69,,5769.22
2023-07-14,Cineplex,30.04,,5739.18
2023-07-14,Bombay Spices,36.75,,5702.43
2023-07-15,Urban Planet,72.31,,5630.12
2023-07-16,McDonald's,139.34,,5490.78
2023-07-16,Bell,39.3,,5451.48
2023-07-18,Amazon.ca,99.28,,5352.2
2023-07-18,Bell,62.98,,5289.22
2023-07-18,Real Canadian Superstore,95.11,,5194.11
2023-07-18,Starbucks,21.74,,5172.37
2023-07-19,Shell,77.29,,5095.08
2023-07-19,FreshCo,133.3,,4961.78
2023-07-20,McDonald's,26.94,,4934.84
2023-07-20,Transfer,,149.47,5084.31
2023-07-20,Dollarama,68.83,,5015.48
2023-07-20,American Eagle,93.4,,4922.08
2023-07-20,Ultramar,39.04,,4883.04
2023-07-20,Bombay Spices,31.02,,4852.02
2023-07-21,Shoppers Drug Mart,140.81,,4711.21
2023-07-21,Virgin Plus,7.65,,4703.56
2023-07-21,Bell,75.5,,4628.06
2023-07-21,Bell,56.38,,4571.68
2023-07-22,Paycheck,,2048.08,6619.76
2023-07-22,Transfer,,89.4,6709.16
2023-07-23,Cineplex,20.4,,6688.76
2023-07-23,Walmart,135.23,,6553.53
2023-07-24,McDonald's,72.1,,6481.43
2023-07-24,Transfer,,97.74,6579.17
2023-07-24,Transfer,,48.89,6628.06
2023-07-25,Dollarama,83.91,,6544.15
2023-07-26,Amazon.ca,149.06,,6395.09
2023-07-26,Virgin Plus,106.26,,6288.83
2023-07-26,Transfer,,119.47,6408.3
2023-07-26,No Frills,38.21,,6370.09
2023-07-26,Shell,57.0,,6313.09
2023-07-28,Walmart,17.13,,6295.96
2023-07-28,Dollarama,135.26,,6160.7
2023-07-28,Bell,112.69,,6048.01
2023-07-28,Bell,104.78,,5943.23
2023-07-29,Bombay Spices,149.38,,5793.85
2023-07-29,Aéropostale,80.22,,5713.63
2023-07-30,Virgin Plus,17.1,,5696.53
2023-07-30,Real Canadian Superstore,61.37,,5635.16
2023-07-30,Bell,15.2,,5619.96
2023-07-31,FreshCo,121.96,,5498.0
2023-07-31,American Eagle,58.33,,5439.67
2023-07-31,FreshCo,113.12,,5326.55
2023-08-01,Uber Eats Plus,9.99,,5316.56
2023-08-01,Skip Subscription,9.99,,5306.57
2023-08-01,Notion Premium,5.0,,5301.57
2023-08-01,Amazon.ca,57.62,,5243.95
2023-08-02,American Eagle,24.62,,5219.33
2023-08-03,Netflix,15.99,,5203.34
2023-08-03,Real Canadian Superstore,89.65,,5113.69
2023-08-03,Transfer,,98.16,5211.85
2023-08-03,Amazon.ca,54.44,,5157.41
2023-08-03,Walmart,118.54,,5038.87
2023-08-04,Gym Membership,45.0,,4993.87
2023-08-04,No Frills,15.49,,4978.38
2023-08-04,Bell,82.49,,4895.89
2023-08-05,Amazon Prime,14.99,,4880.9
2023-08-05,Paycheck,,2161.88,7042.78
2023-08-05,Starbucks,97.49,,6945.29
2023-08-05,Bell,58.16,,6887.13
2023-08-05,Walmart,124.54,,6762.59
2023-08-05,Real Canadian Superstore,12.52,,6750.07
2023-08-05,Walmart,39.2,,6710.87
2023-08-06,Spotify,9.99,,6700.88
2023-08-06,Disney+ Hotstar,12.99,,6687.89
2023-08-06,Urban Planet,84.6,,6603.29
2023-08-06,Real Canadian Superstore,17.51,,6585.78
2023-08-06,Cineplex,72.32,,6513.46
2023-08-07,McDonald's,88.52,,6424.94
2023-08-08,Dollarama,103.46,,6321.48
2023-08-09,American Eagle,58.27,,6263.21
2023-08-09,American Eagle,68.49,,6194.72
2023-08-09,Urban Planet,84.88,,6109.84
2023-08-09,Shoppers Drug Mart,85.43,,6024.41
2023-08-10,Walmart,22.08,,6002.33
2023-08-10,Aéropostale,11.91,,5990.42
2023-08-10,Amazon.ca,143.08,,5847.34
2023-08-10,Aéropostale,90.01,,5757.33
2023-08-11,Shoppers Drug Mart,144.5,,5612.83
2023-08-11,Urban Planet,108.84,,5503.99
2023-08-12,Aéropostale,73.46,,5430.53
2023-08-13,Aéropostale,58.59,,5371.94
2023-08-15,Cleo,101.74,,5270.2
2023-08-15,Aéropostale,60.1,,5210.1
2023-08-15,Aéropostale,46.31,,5163.79
2023-08-16,Transfer,,31.64,5195.43
2023-08-16,FreshCo,82.13,,5113.3
2023-08-16,Cineplex,32.69,,5080.61
2023-08-17,Starbucks,107.34,,4973.27
2023-08-17,Shell,118.56,,4854.71
2023-08-18,No Frills,125.84,,4728.87
2023-08-18,Real Canadian Superstore,135.85,,4593.02
2023-08-18,Starbucks,136.08,,4456.94
2023-08-19,Paycheck,,1701.8,6158.74
2023-08-19,Starbucks,48.4,,6110.34
2023-08-20,Transfer,,13.27,6123.61
2023-08-20,Aéropostale,135.19,,5988.42
2023-08-20,Shell,29.1,,5959.32
2023-08-20,No Frills,16.03,,5943.29
2023-08-21,Starbucks,52.67,,5890.62
2023-08-21,Cleo,58.92,,5831.7
2023-08-23,Walmart,87.34,,5744.36
2023-08-23,Tim Hortons,6.13,,5738.23
2023-08-24,Transfer,,38.85,5777.08
2023-08-25,American Eagle,141.09,,5635.99
2023-08-26,Cineplex,63.58,,5572.41
2023-08-26,Transfer,,23.3,5595.71
2023-08-26,McDonald's,65.79,,5529.92
2023-08-26,Tim Hortons,45.72,,5484.2
2023-08-27,Cleo,135.89,,5348.31
2023-08-28,American Eagle,142.04,,5206.27
2023-08-28,Walmart,96.34,,5109.93
2023-08-28,Ultramar,92.14,,5017.79
2023-08-28,Tim Hortons,34.56,,4983.23
2023-08-29,Bell,19.32,,4963.91
2023-08-29,Shoppers Drug Mart,62.21,,4901.7
2023-08-29,Urban Planet,95.46,,4806.24
2023-08-30,Cleo,104.7,,4701.54
2023-08-30,Amazon.ca,131.54,,4570.0
2023-08-30,Amazon.ca,23.43,,4546.57
2023-08-30,Bell,63.49,,4483.08
2023-08-31,Dollarama,83.29,,4399.79
2023-09-01,Amazon Prime,14.99,,4384.8
2023-09-01,Disney+ Hotstar,12.99,,4371.81
2023-09-01,Skip Subscription,9.99,,4361.82
2023-09-01,FreshCo,97.58,,4264.24
2023-09-01,McDonald's,131.28,,4132.96
2023-09-02,Paycheck,,2000.51,6133.47
2023-09-02,Cleo,96.23,,6037.24
2023-09-03,Netflix,15.99,,6021.25
2023-09-03,Gym Membership,45.0,,5976.25
2023-09-03,Uber Eats Plus,9.99,,5966.26
2023-09-03,Cleo,53.09,,5913.17
2023-09-03,American Eagle,13.54,,5899.63
2023-09-03,Urban Planet,78.22,,5821.41
2023-09-04,Spotify,9.99,,5811.42
2023-09-04,Notion Premium,5.0,,5806.42
2023-09-04,Transfer,,26.79,5833.21
2023-09-05,Real Canadian Superstore,75.62,,5757.59
2023-09-06,Bombay Spices,29.72,,5727.87
2023-09-06,Cineplex,53.34,,5674.53
2023-09-06,Cineplex,85.93,,5588.6
2023-09-06,Ultramar,115.43,,5473.17
2023-09-06,Tim Hortons,64.41,,5408.76
2023-09-07,Shoppers Drug Mart,95.37,,5313.39
2023-09-07,Transfer,,46.53,5359.92
2023-09-07,American Eagle,141.54,,5218.38
2023-09-08,No Frills,77.39,,5140.99
2023-09-08,Tim Hortons,91.49,,5049.5
2023-09-09,Cineplex,65.21,,4984.29
2023-09-09,Transfer,,10.17,4994.46
2023-09-09,Cleo,34.03,,4960.43
2023-09-09,Dollarama,85.18,,4875.25
2023-09-10,Starbucks,112.04,,4763.21
2023-09-10,Bell,78.17,,4685.04
2023-09-11,FreshCo,140.08,,4544.96
2023-09-11,Amazon.ca,72.23,,4472.73
2023-09-11,Shell,69.05,,4403.68
2023-09-12,Shell,18.13,,4385.55
2023-09-12,Tim Hortons,102.92,,4282.63
2023-09-13,Bell,51.69,,4230.94
2023-09-13,Amazon.ca,133.87,,4097.07
2023-09-14,Shell,18.82,,4078.25
2023-09-15,Walmart,97.91,,3980.34
2023-09-16,Paycheck,,1874.91,5855.25
2023-09-16,Cleo,87.77,,5767.48
2023-09-17,FreshCo,16.33,,5751.15
2023-09-17,Transfer,,84.5,5835.65
2023-09-17,Bell,144.2,,5691.45
2023-09-17,No Frills,57.62,,5633.83
2023-09-18,McDonald's,36.0,,5597.83
2023-09-18,Bell,14.07,,5583.76
2023-09-18,Urban Planet,79.14,,5504.62
2023-09-18,Amazon.ca,114.09,,5390.53
2023-09-18,American Eagle,18.21,,5372.32
2023-09-20,Bell,33.03,,5339.29
2023-09-20,American Eagle,146.91,,5192.38
2023-09-22,McDonald's,13.56,,5178.82
2023-09-22,American Eagle,13.65,,5165.17
2023-09-22,Starbucks,30.72,,5134.45
2023-09-23,Bell,67.37,,5067.08
2023-09-23,Walmart,97.37,,4969.71
2023-09-23,Tim Hortons,137.89,,4831.82
2023-09-23,Bell,132.1,,4699.72
2023-09-24,Real Canadian Superstore,28.58,,4671.14
2023-09-24,McDonald's,67.35,,4603.79
2023-09-26,Shell,113.07,,4490.72
2023-09-26,Starbucks,89.94,,4400.78
2023-09-26,Bell,80.39,,4320.39
2023-09-26,FreshCo,82.57,,4237.82
2023-09-26,Shoppers Drug Mart,74.25,,4163.57
2023-09-26,Amazon.ca,114.68,,4048.89
2023-09-27,Bombay Spices,38.82,,4010.07
2023-09-28,No Frills,22.4,,3987.67
2023-09-28,Ultramar,78.28,,3909.39
2023-09-28,Walmart,106.63,,3802.76
2023-09-29,Shell,53.51,,3749.25
2023-09-29,Virgin Plus,10.35,,3738.9
2023-09-29,Real Canadian Superstore,87.81,,3651.09
2023-09-29,Aéropostale,69.87,,3581.22
2023-09-29,Aéropostale,147.19,,3434.03
2023-09-29,Amazon.ca,145.24,,3288.79
2023-09-29,Urban Planet,26.44,,3262.35
2023-09-30,Paycheck,,1834.28,5096.63
2023-09-30,No Frills,104.57,,4992.06
2023-09-30,Cleo,21.18,,4970.88
2023-09-30,Walmart,102.69,,4868.19
2023-10-01,Spotify,9.99,,4858.2
2023-10-01,Dollarama,105.45,,4752.75
2023-10-01,Walmart,71.39,,4681.36
2023-10-02,Amazon.ca,48.78,,4632.58
2023-10-03,Skip Subscription,9.99,,4622.59
2023-10-03,Bombay Spices,100.34,,4522.25
2023-10-03,Aéropostale,89.33,,4432.92
2023-10-04,Cleo,61.38,,4371.54
2023-10-05,Netflix,15.99,,4355.55
2023-10-05,Amazon Prime,14.99,,4340.56
2023-10-05,Cineplex,81.41,,4259.15
2023-10-05,No Frills,6.0,,4253.15
2023-10-06,Gym Membership,45.0,,4208.15
2023-10-06,Disney+ Hotstar,12.99,,4195.16
2023-10-06,Uber Eats Plus,9.99,,4185.17
2023-10-06,Notion Premium,5.0,,4180.17
2023-10-06,Cineplex,68.19,,4111.98
2023-10-06,Shell,46.42,,4065.56
2023-10-07,Starbucks,109.15,,3956.41
2023-10-08,Tim Hortons,135.21,,3821.2
2023-10-08,Cineplex,113.18,,3708.02
2023-10-08,FreshCo,146.65,,3561.37
2023-10-08,Dollarama,29.01,,3532.36
2023-10-08,Ultramar,127.56,,3404.8
2023-10-09,Transfer,,33.02,3437.82
2023-10-10,American Eagle,115.58,,3322.24
2023-10-10,Bombay Spices,40.59,,3281.65
2023-10-10,Transfer,,134.45,3416.1
2023-10-11,McDonald's,143.76,,3272.34
2023-10-11,Cleo,59.21,,3213.13
2023-10-11,Real Canadian Superstore,102.08,,3111.05
2023-10-11,Real Canadian Superstore,100.83,,3010.22
2023-10-11,No Frills,66.26,,2943.96
2023-10-12,Amazon.ca,50.14,,2893.82
2023-10-12,Real Canadian Superstore,16.57,,2877.25
2023-10-12,Cleo,24.3,,2852.95
2023-10-12,Virgin Plus,7.72,,2845.23
2023-10-13,Transfer,,115.85,2961.08
2023-10-13,Transfer,,109.89,3070.97
2023-10-13,Bell,26.61,,3044.36
2023-10-13,FreshCo,52.01,,2992.35
2023-10-14,Paycheck,,2132.67,5125.02
2023-10-15,Shoppers Drug Mart,13.22,,5111.8
2023-10-15,Urban Planet,81.07,,5030.73
2023-10-16,Cineplex,25.84,,5004.89
2023-10-17,Real Canadian Superstore,140.58,,4864.31
2023-10-17,Dollarama,142.53,,4721.78
2023-10-18,Transfer,,67.06,4788.84
2023-10-18,Amazon.ca,52.52,,4736.32
2023-10-18,Aéropostale,101.64,,4634.68
2023-10-19,Cineplex,149.12,,4485.56
2023-10-20,Aéropostale,40.18,,4445.38
2023-10-21,Starbucks,16.52,,4428.86
2023-10-22,American Eagle,9.84,,4419.02
2023-10-22,McDonald's,5.02,,4414.0
2023-10-23,Amazon.ca,45.07,,4368.93
2023-10-24,Transfer,,35.29,4404.22
2023-10-24,Real Canadian Superstore,87.3,,4316.92
2023-10-25,Cleo,11.57,,4305.35
2023-10-25,Virgin Plus,25.6,,4279.75
2023-10-25,Transfer,,8.32,4288.07
2023-10-26,Shell,36.28,,4251.79
2023-10-26,Amazon.ca,105.78,,4146.01
2023-10-27,FreshCo,138.57,,4007.44
2023-10-27,Bell,67.5,,3939.94
2023-10-28,Paycheck,,2055.08,5995.02
2023-10-28,Transfer,,27.38,6022.4
2023-10-28,Tim Hortons,124.06,,5898.34
2023-10-28,Virgin Plus,88.91,,5809.43
2023-10-28,Starbucks,11.13,,5798.3
2023-10-29,Shell,41.65,,5756.65
2023-10-29,American Eagle,146.22,,5610.43
2023-10-29,FreshCo,10.63,,5599.8
2023-10-29,Cleo,67.67,,5532.13
2023-10-30,Aéropostale,95.05,,5437.08
2023-10-30,McDonald's,76.46,,5360.62
2023-10-30,Walmart,98.99,,5261.63
2023-10-31,No Frills,35.9,,5225.73
2023-10-31,Real Canadian Superstore,123.95,,5101.78
2023-10-31,No Frills,66.41,,5035.37
2023-11-01,Spotify,9.99,,5025.38
2023-11-01,Amazon Prime,14.99,,5010.39
2023-11-01,Ultramar,36.52,,4973.87
2023-11-02,Disney+ Hotstar,12.99,,4960.88
2023-11-02,Notion Premium,5.0,,4955.88
2023-11-02,Aéropostale,74.33,,4881.55
2023-11-02,Urban Planet,87.81,,4793.74
2023-11-02,Aéropostale,79.51,,4714.23
2023-11-02,Shoppers Drug Mart,59.38,,4654.85
2023-11-02,Dollarama,41.96,,4612.89
2023-11-03,Netflix,15.99,,4596.9
2023-11-03,FreshCo,67.05,,4529.85
2023-11-03,Tim Hortons,122.03,,4407.82
2023-11-03,Bombay Spices,102.79,,4305.03
2023-11-04,Uber Eats Plus,9.99,,4295.04
2023-11-04,Skip Subscription,9.99,,4285.05
2023-11-04,American Eagle,30.74,,4254.31
2023-11-04,Ultramar,23.22,,4231.09
2023-11-05,Gym Membership,45.0,,4186.09
2023-11-05,Shoppers Drug Mart,70.54,,4115.55
2023-11-05,Transfer,,23.67,4139.22
2023-11-06,Virgin Plus,146.58,,3992.64
2023-11-06,FreshCo,104.01,,3888.63
2023-11-06,Dollarama,70.94,,3817.69
2023-11-07,Virgin Plus,63.83,,3753.86
2023-11-07,Aéropostale,70.99,,3682.87
2023-11-07,Transfer,,145.34,3828.21
2023-11-07,Dollarama,46.38,,3781.83
2023-11-07,Tim Hortons,24.95,,3756.88
2023-11-07,FreshCo,35.73,,3721.15
2023-11-08,Cineplex,81.9,,3639.25
2023-11-08,Shell,88.38,,3550.87
2023-11-09,Shoppers Drug Mart,37.05,,3513.82
2023-11-09,Shell,83.7,,3430.12
2023-11-09,Bombay Spices,40.53,,3389.59
2023-11-10,Bell,149.1,,3240.49
2023-11-10,Transfer,,67.25,3307.74
2023-11-11,Paycheck,,1924.05,5231.79
2023-11-11,Dollarama,13.05,,5218.74
2023-11-11,Transfer,,121.37,5340.11
2023-11-12,Shell,116.83,,5223.28
2023-11-12,Shell,8.11,,5215.17
2023-11-12,Ultramar,31.76,,5183.41
2023-11-12,Urban Planet,121.26,,5062.15
2023-11-13,Aéropostale,79.77,,4982.38
2023-11-14,Ultramar,118.28,,4864.1
2023-11-14,Cineplex,69.16,,4794.94
2023-11-14,Real Canadian Superstore,19.3,,4775.64
2023-11-14,Amazon.ca,126.09,,4649.55
2023-11-15,Transfer,,128.73,4778.28
2023-11-15,Cineplex,72.54,,4705.74
2023-11-15,Ultramar,43.03,,4662.71
2023-11-15,Shoppers Drug Mart,67.42,,4595.29
2023-11-16,Ultramar,50.39,,4544.9
2023-11-16,Transfer,,85.56,4630.46
2023-11-18,No Frills,52.48,,4577.98
2023-11-18,Starbucks,58.86,,4519.12
2023-11-19,Virgin Plus,6.08,,4513.04
2023-11-19,Urban Planet,115.58,,4397.46
2023-11-19,Ultramar,131.42,,4266.04
2023-11-19,Real Canadian Superstore,56.18,,4209.86
2023-11-19,Real Canadian Superstore,94.28,,4115.58
2023-11-21,Bell,142.89,,3972.69
2023-11-22,American Eagle,31.86,,3940.83
2023-11-23,Transfer,,148.29,4089.12
2023-11-23,Virgin Plus,7.8,,4081.32
2023-11-23,Tim Hortons,41.3,,4040.02
2023-11-24,Real Canadian Superstore,126.09,,3913.93
2023-11-25,Paycheck,,2124.53,6038.46
2023-11-25,Virgin Plus,28.9,,6009.56
2023-11-25,Cleo,49.06,,5960.5
2023-11-25,Bell,88.06,,5872.44
2023-11-27,McDonald's,122.25,,5750.19
2023-11-27,Amazon.ca,47.01,,5703.18
2023-11-27,Cineplex,97.46,,5605.72
2023-11-27,Tim Hortons,51.31,,5554.41
2023-11-29,Cineplex,75.29,,5479.12
2023-11-29,Transfer,,22.06,5501.18
2023-11-29,McDonald's,36.24,,5464.94
2023-11-30,Shoppers Drug Mart,131.2,,5333.74
2023-11-30,Shoppers Drug Mart,132.23,,5201.51
2023-12-01,Starbucks,12.4,,5189.11
2023-12-01,McDonald's,131.27,,5057.84
2023-12-01,Virgin Plus,50.87,,5006.97
2023-12-02,Skip Subscription,9.99,,4996.98
2023-12-02,Transfer,,85.46,5082.44
2023-12-02,Urban Planet,82.61,,4999.83
2023-12-02,Bell,48.09,,4951.74
2023-12-03,Netflix,15.99,,4935.75
2023-12-03,Shoppers Drug Mart,84.57,,4851.18
2023-12-03,FreshCo,75.65,,4775.53
2023-12-04,Gym Membership,45.0,,4730.53
2023-12-04,Disney+ Hotstar,12.99,,4717.54
2023-12-04,Uber Eats Plus,9.99,,4707.55
2023-12-04,Notion Premium,5.0,,4702.55
2023-12-04,American Eagle,66.86,,4635.69
2023-12-04,Shell,132.75,,4502.94
2023-12-04,McDonald's,35.76,,4467.18
2023-12-04,Aéropostale,31.32,,4435.86
2023-12-05,Spotify,9.99,,4425.87
2023-12-05,Amazon Prime,14.99,,4410.88
2023-12-05,Cineplex,75.96,,4334.92
2023-12-05,Starbucks,27.06,,4307.86
2023-12-05,No Frills,54.49,,4253.37
2023-12-06,Ultramar,31.17,,4222.2
2023-12-06,Amazon.ca,144.82,,4077.38
2023-12-06,Cleo,65.68,,4011.7
2023-12-07,Bell,69.88,,3941.82
2023-12-07,Walmart,70.87,,3870.95
2023-12-07,Transfer,,15.46,3886.41
2023-12-08,Transfer,,137.76,4024.17
2023-12-08,Bombay Spices,49.44,,3974.73
2023-12-08,Bombay Spices,48.41,,3926.32
2023-12-08,Tim Hortons,51.99,,3874.33
2023-12-08,Virgin Plus,85.31,,3789.02
2023-12-09,Paycheck,,1710.46,5499.48
2023-12-09,American Eagle,123.93,,5375.55
2023-12-09,Cleo,58.24,,5317.31
2023-12-10,Cineplex,76.82,,5240.49
2023-12-12,Tim Hortons,133.8,,5106.69
2023-12-12,Dollarama,142.18,,4964.51
2023-12-12,Aéropostale,121.6,,4842.91
2023-12-12,Real Canadian Superstore,72.05,,4770.86
2023-12-13,Aéropostale,78.71,,4692.15
2023-12-13,McDonald's,25.36,,4666.79
2023-12-13,Virgin Plus,113.49,,4553.3
2023-12-14,Aéropostale,144.98,,4408.32
2023-12-17,McDonald's,145.39,,4262.93
2023-12-17,No Frills,68.4,,4194.53
2023-12-17,American Eagle,50.11,,4144.42
2023-12-18,McDonald's,57.44,,4086.98
2023-12-19,FreshCo,132.95,,3954.03
2023-12-19,Urban Planet,65.53,,3888.5
2023-12-19,Aéropostale,146.74,,3741.76
2023-12-19,Shell,58.33,,3683.43
2023-12-20,Virgin Plus,71.27,,3612.16
2023-12-20,Cleo,20.48,,3591.68
2023-12-20,Ultramar,14.3,,3577.38
2023-12-21,Amazon.ca,134.21,,3443.17
2023-12-21,FreshCo,139.58,,3303.59
2023-12-21,Real Canadian Superstore,26.1,,3277.49
2023-12-22,Cleo,21.25,,3256.24
2023-12-23,Paycheck,,2095.12,5351.36
2023-12-23,Shell,80.84,,5270.52
2023-12-24,American Eagle,88.44,,5182.08
2023-12-25,Shell,100.64,,5081.44
2023-12-25,Shell,15.83,,5065.61
2023-12-26,Ultramar,31.95,,5033.66
2023-12-26,No Frills,124.21,,4909.45
2023-12-26,Virgin Plus,130.08,,4779.37
2023-12-26,Tim Hortons,141.61,,4637.76
2023-12-26,Walmart,77.54,,4560.22
2023-12-27,Starbucks,16.24,,4543.98
2023-12-27,Bombay Spices,119.0,,4424.98
2023-12-27,Cineplex,47.17,,4377.81
2023-12-27,No Frills,22.7,,4355.11
2023-12-27,Shoppers Drug Mart,29.07,,4326.04
2023-12-27,Shoppers Drug Mart,90.52,,4235.52
2023-12-28,Walmart,149.81,,4085.71
2023-12-29,Bombay Spices,97.28,,3988.43
2023-12-31,Aéropostale,81.3,,3907.13
2024-01-01,Netflix,15.99,,3891.14
2024-01-01,Disney+ Hotstar,12.99,,3878.15
2024-01-01,Skip Subscription,9.99,,3868.16
2024-01-01,Shoppers Drug Mart,72.7,,3795.46
2024-01-01,FreshCo,94.2,,3701.26
2024-01-02,Gym Membership,45.0,,3656.26
2024-01-02,Amazon Prime,14.99,,3641.27
2024-01-02,American Eagle,139.16,,3502.11
2024-01-02,No Frills,33.13,,3468.98
2024-01-02,Aéropostale,29.95,,3439.03
2024-01-03,McDonald's,10.4,,3428.63
2024-01-03,Shoppers Drug Mart,124.6,,3304.03
2024-01-03,Ultramar,108.99,,3195.04
2024-01-03,McDonald's,73.53,,3121.51
2024-01-03,Walmart,53.16,,3068.35
2024-01-04,Uber Eats Plus,9.99,,3058.36
2024-01-04,Notion Premium,5.0,,3053.36
2024-01-04,Dollarama,5.95,,3047.41
2024-01-04,Shoppers Drug Mart,118.32,,2929.09
2024-01-05,Cineplex,93.61,,2835.48
2024-01-05,Cleo,13.95,,2821.53
2024-01-05,Transfer,,42.14,2863.67
2024-01-06,Spotify,9.99,,2853.68
2024-01-06,Paycheck,,2477.0,5330.68
2024-01-06,Cleo,103.2,,5227.48
2024-01-06,Real Canadian Superstore,82.91,,5144.57
2024-01-06,Starbucks,51.16,,5093.41
2024-01-06,Walmart,64.1,,5029.31
2024-01-07,Shell,51.01,,4978.3
2024-01-07,Cleo,97.19,,4881.11
2024-01-08,Cineplex,10.08,,4871.03
2024-01-09,Urban Planet,48.13,,4822.9
2024-01-09,Tim Hortons,43.57,,4779.33
2024-01-09,Tim Hortons,94.07,,4685.26
2024-01-09,American Eagle,139.65,,4545.61
2024-01-09,Shell,146.98,,4398.63
2024-01-12,Transfer,,49.98,4448.61
2024-01-12,FreshCo,86.45,,4362.16
2024-01-12,Aéropostale,30.44,,4331.72
2024-01-12,Aéropostale,118.94,,4212.78
2024-01-12,Cineplex,21.26,,4191.52
2024-01-13,FreshCo,58.32,,4133.2
2024-01-13,Bell,121.53,,4011.67
2024-01-14,FreshCo,60.71,,3950.96
2024-01-14,American Eagle,97.48,,3853.48
2024-01-14,Shoppers Drug Mart,125.69,,3727.79
2024-01-15,FreshCo,146.99,,3580.8
2024-01-16,Cineplex,67.33,,3513.47
2024-01-16,No Frills,74.8,,3438.67
2024-01-16,Aéropostale,144.62,,3294.05
2024-01-17,Bell,134.73,,3159.32
2024-01-17,FreshCo,64.94,,3094.38
2024-01-18,Aéropostale,145.05,,2949.33
2024-01-18,Starbucks,27.54,,2921.79
2024-01-19,Transfer,,42.88,2964.67
2024-01-19,McDonald's,49.58,,2915.09
2024-01-19,Transfer,,44.4,2959.49
2024-01-20,Paycheck,,2045.38,5004.87
2024-01-20,Dollarama,47.8,,4957.07
2024-01-20,Walmart,138.25,,4818.82
2024-01-20,Real Canadian Superstore,96.24,,4722.58
2024-01-20,Bombay Spices,89.5,,4633.08
2024-01-20,American Eagle,101.74,,4531.34
2024-01-21,Walmart,100.52,,4430.82
2024-01-21,Transfer,,73.02,4503.84
2024-01-22,Real Canadian Superstore,54.43,,4449.41
2024-01-22,Cleo,135.64,,4313.77
2024-01-22,Walmart,74.27,,4239.5
2024-01-23,Cineplex,90.61,,4148.89
2024-01-23,FreshCo,76.1,,4072.79
2024-01-24,McDonald's,44.79,,4028.0
2024-01-25,Starbucks,144.27,,3883.73
2024-01-25,FreshCo,51.74,,3831.99
2024-01-25,McDonald's,22.93,,3809.06
2024-01-25,No Frills,117.76,,3691.3
2024-01-26,Dollarama,64.34,,3626.96
2024-01-27,Bombay Spices,90.76,,3536.2
2024-01-27,Bell,109.07,,3427.13
2024-01-27,Starbucks,132.46,,3294.67
2024-01-27,Amazon.ca,58.23,,3236.44
2024-01-28,Tim Hortons,6.0,,3230.44
2024-01-29,FreshCo,107.67,,3122.77
2024-01-30,Virgin Plus,119.43,,3003.34
2024-01-31,Bell,143.46,,2859.88
2024-01-31,Virgin Plus,103.75,,2756.13
2024-01-31,No Frills,21.66,,2734.47
2024-01-31,Ultramar,10.33,,2724.14
2024-02-01,Disney+ Hotstar,12.99,,2711.15
2024-02-02,Notion Premium,5.0,,2706.15
2024-02-02,McDonald's,40.58,,2665.57
2024-02-03,Gym Membership,45.0,,2620.57
2024-02-03,Paycheck,,1751.29,4371.86
2024-02-03,Bell,68.95,,4302.91
2024-02-03,Cineplex,127.89,,4175.02
2024-02-04,Starbucks,115.57,,4059.45
2024-02-04,Real Canadian Superstore,92.15,,3967.3
2024-02-05,Netflix,15.99,,3951.31
2024-02-05,Spotify,9.99,,3941.32
2024-02-05,Uber Eats Plus,9.99,,3931.33
2024-02-05,Walmart,83.62,,3847.71
2024-02-05,Shell,102.74,,3744.97
2024-02-05,American Eagle,67.76,,3677.21
2024-02-05,Cineplex,145.65,,3531.56
2024-02-06,Amazon Prime,14.99,,3516.57
2024-02-06,Skip Subscription,9.99,,3506.58
2024-02-06,FreshCo,91.52,,3415.06
2024-02-07,Virgin Plus,81.74,,3333.32
2024-02-07,Cineplex,15.93,,3317.39
2024-02-07,Real Canadian Superstore,140.1,,3177.29
2024-02-08,Tim Hortons,119.75,,3057.54
2024-02-08,Tim Hortons,109.46,,2948.08
2024-02-08,Ultramar,41.05,,2907.03
2024-02-08,No Frills,25.16,,2881.87
2024-02-08,FreshCo,71.38,,2810.49
2024-02-09,Transfer,,19.5,2829.99
2024-02-09,Shell,104.28,,2725.71
2024-02-10,Transfer,,44.59,2770.3
2024-02-11,Shoppers Drug Mart,121.31,,2648.99
2024-02-11,Aéropostale,9.7,,2639.29
2024-02-11,Starbucks,149.94,,2489.35
2024-02-12,Bombay Spices,123.45,,2365.9
2024-02-12,Amazon.ca,23.98,,2341.92
2024-02-12,Bell,116.96,,2224.96
2024-02-12,McDonald's,51.22,,2173.74
2024-02-12,Real Canadian Superstore,73.37,,2100.37
2024-02-13,McDonald's,45.23,,2055.14
2024-02-13,Transfer,,50.46,2105.6
2024-02-14,No Frills,118.88,,1986.72
2024-02-14,Real Canadian Superstore,92.93,,1893.79
2024-02-14,Dollarama,106.84,,1786.95
2024-02-14,Tim Hortons,123.33,,1663.62
2024-02-15,American Eagle,26.73,,1636.89
2024-02-15,McDonald's,92.12,,1544.77
2024-02-17,Paycheck,,1891.77,3436.54
2024-02-17,Dollarama,36.58,,3399.96
2024-02-17,Starbucks,132.32,,3267.64
2024-02-17,Shoppers Drug Mart,136.31,,3131.33
2024-02-17,Aéropostale,49.02,,3082.31
2024-02-18,No Frills,112.06,,2970.25
2024-02-18,Ultramar,113.4,,2856.85
2024-02-18,Transfer,,102.34,2959.19
2024-02-18,Starbucks,147.35,,2811.84
2024-02-18,Cineplex,32.96,,2778.88
2024-02-19,American Eagle,103.77,,2675.11
2024-02-19,Bombay Spices,118.66,,2556.45
2024-02-19,Virgin Plus,48.08,,2508.37
2024-02-19,Virgin Plus,91.66,,2416.71
2024-02-19,Shoppers Drug Mart,133.61,,2283.1
2024-02-19,Bombay Spices,45.55,,2237.55
2024-02-20,Urban Planet,98.35,,2139.2
2024-02-20,Aéropostale,95.01,,2044.19
2024-02-20,American Eagle,102.9,,1941.29
2024-02-21,Walmart,55.33,,1885.96
2024-02-22,No Frills,62.95,,1823.01
2024-02-22,Real Canadian Superstore,95.76,,1727.25
2024-02-22,Walmart,48.43,,1678.82
2024-02-23,Real Canadian Superstore,58.34,,1620.48
2024-02-23,McDonald's,85.1,,1535.38
2024-02-25,Urban Planet,53.01,,1482.37
2024-02-26,Shell,69.91,,1412.46
2024-02-27,Real Canadian Superstore,58.2,,1354.26
2024-02-27,Bell,57.96,,1296.3
2024-02-28,Bell,142.59,,1153.71
2024-02-28,No Frills,71.31,,1082.4
2024-02-28,Shoppers Drug Mart,128.83,,953.57
2024-02-29,Shoppers Drug Mart,147.43,,806.14
2024-02-29,Ultramar,98.58,,707.56
2024-03-01,Notion Premium,5.0,,702.56
2024-03-01,McDonald's,76.99,,625.57
2024-03-02,Gym Membership,45.0,,580.57
2024-03-02,Disney+ Hotstar,12.99,,567.58
2024-03-02,Skip Subscription,9.99,,557.59
2024-03-02,Paycheck,,1599.55,2157.14
2024-03-02,Virgin Plus,115.04,,2042.1
2024-03-02,Starbucks,31.83,,2010.27
2024-03-02,Virgin Plus,8.6,,2001.67
2024-03-02,Virgin Plus,144.29,,1857.38
2024-03-03,Uber Eats Plus,9.99,,1847.39
2024-03-03,No Frills,86.36,,1761.03
2024-03-04,Netflix,15.99,,1745.04
2024-03-04,Spotify,9.99,,1735.05
2024-03-04,Walmart,81.06,,1653.99
2024-03-04,Real Canadian Superstore,34.97,,1619.02
2024-03-04,Ultramar,133.16,,1485.86
2024-03-05,Bombay Spices,116.97,,1368.89
2024-03-05,Shell,43.32,,1325.57
2024-03-05,Cleo,137.3,,1188.27
2024-03-05,Cineplex,36.16,,1152.11
2024-03-05,Virgin Plus,25.18,,1126.93
2024-03-05,Tim Hortons,21.38,,1105.55
2024-03-06,Amazon Prime,14.99,,1090.56
2024-03-07,Ultramar,83.47,,1007.09
2024-03-07,Virgin Plus,114.82,,892.27
2024-03-07,Amazon.ca,82.76,,809.51
2024-03-07,Amazon.ca,60.93,,748.58
2024-03-08,Bombay Spices,119.22,,629.36
2024-03-08,Bombay Spices,141.26,,488.1
2024-03-08,Real Canadian Superstore,51.51,,436.59
2024-03-08,Dollarama,88.49,,348.1
2024-03-09,Cleo,111.09,,237.01
2024-03-09,Ultramar,25.1,,211.91
2024-03-11,Ultramar,71.08,,140.83
2024-03-11,Aéropostale,105.22,,35.61
2024-03-11,Bell,53.03,,-17.42
2024-03-11,Starbucks,8.14,,-25.56
2024-03-11,Starbucks,39.25,,-64.81
2024-03-11,Virgin Plus,14.54,,-79.35
2024-03-11,FreshCo,109.84,,-189.19
2024-03-12,Bombay Spices,101.75,,-290.94
2024-03-12,No Frills,40.43,,-331.37
2024-03-13,Starbucks,61.1,,-392.47
2024-03-13,FreshCo,107.88,,-500.35
2024-03-13,Starbucks,55.53,,-555.88
2024-03-13,Bombay Spices,101.33,,-657.21
2024-03-14,Dollarama,69.41,,-726.62
2024-03-15,Urban Planet,108.44,,-835.06
2024-03-15,Virgin Plus,15.95,,-851.01
2024-03-15,Cineplex,11.99,,-863.0
2024-03-16,Paycheck,,2493.05,1630.05
2024-03-16,McDonald's,104.2,,1525.85
2024-03-16,Transfer,,77.59,1603.44
2024-03-17,Tim Hortons,39.23,,1564.21
2024-03-18,Shoppers Drug Mart,56.77,,1507.44
2024-03-18,McDonald's,38.49,,1468.95
2024-03-18,No Frills,11.13,,1457.82
2024-03-19,Cineplex,10.54,,1447.28
2024-03-20,Bell,23.67,,1423.61
2024-03-20,Cleo,117.6,,1306.01
2024-03-21,Dollarama,14.32,,1291.69
2024-03-21,Urban Planet,71.8,,1219.89
2024-03-21,Urban Planet,127.27,,1092.62
2024-03-21,Aéropostale,99.3,,993.32
2024-03-22,Real Canadian Superstore,66.25,,927.07
2024-03-22,Bombay Spices,43.4,,883.67
2024-03-22,Transfer,,65.82,949.49
2024-03-22,Cineplex,8.59,,940.9
2024-03-22,Cleo,35.89,,905.01
2024-03-23,FreshCo,23.13,,881.88
2024-03-23,Amazon.ca,114.69,,767.19
2024-03-24,Bell,9.72,,757.47
2024-03-24,FreshCo,69.59,,687.88
2024-03-25,Tim Hortons,23.17,,664.71
2024-03-26,Bell,50.66,,614.05
2024-03-26,Dollarama,39.4,,574.65
2024-03-26,Starbucks,63.49,,511.16
2024-03-27,Ultramar,37.8,,473.36
2024-03-27,Cleo,77.86,,395.5
2024-03-27,Tim Hortons,53.78,,341.72
2024-03-28,Cleo,35.19,,306.53
2024-03-28,Aéropostale,90.4,,216.13
2024-03-28,Ultramar,20.73,,195.4
2024-03-29,Bombay Spices,87.42,,107.98
2024-03-29,McDonald's,86.58,,21.4
2024-03-30,Paycheck,,1696.18,1717.58
2024-03-30,McDonald's,34.93,,1682.65
2024-03-30,Urban Planet,94.2,,1588.45
2024-03-30,Real Canadian Superstore,42.21,,1546.24
2024-03-30,FreshCo,76.64,,1469.6
2024-03-30,Aéropostale,109.55,,1360.05
2024-03-30,Tim Hortons,18.69,,1341.36
2024-03-31,Dollarama,85.82,,1255.54
2024-03-31,Shell,57.38,,1198.16
